% --- Citazioni --- %

@INPROCEEDINGS{fuzzy2012,
  author={Chian-Li Wen and Tsorng-Lin Chia},
  booktitle={2012 International Conference on Machine Learning and Cybernetics}, 
  title={The fuzzy approach for classification of the photo composition}, 
  year={2012},
  volume={4},
  number={},
  pages={1447-1453}
}

@online{KU-PCP, 
    title={KU-PCP},
    url={https://mcl.korea.ac.kr/research_page/#:~:text=Semantic%20Lines%20and%20Photographic%20Composition}
}

@online{LODB, title={LODB},
url={https://drive.google.com/file/d/1EfzI04k9TsSsOBwza-EsV0hqfLC2WuN_/view}
}

@article{composition_dominant_geometric,
    author = {Lee, Jun-Tae and Kim, Han-Ul and Lee, Chul and Kim, Chang-Su},
    year = {2018},
    month = {05},
    pages = {},
    title = {Photographic Composition Classification and Dominant Geometric Element Detection for Outdoor Scenes},
    volume = {55},
    journal = {Journal of Visual Communication and Image Representation},
}


@online{imagenet, title={ImageNet},
url={https://www.image-net.org}
}

@article{spatial_invariant_cnn,
title = {Spatial-invariant convolutional neural network for photographic composition prediction and automatic correction},
journal = {Journal of Visual Communication and Image Representation},
volume = {90},
pages = {103751},
year = {2023},
issn = {1047-3203},
author = {Yaoting Wang and Yongzhen Ke and Kai Wang and Jing Guo and Shuai Yang},
}

@inproceedings{STN,
 author = {Jaderberg, Max and Simonyan, Karen and Zisserman, Andrew and kavukcuoglu, koray},
 booktitle = {Advances in Neural Information Processing Systems},
 editor = {C. Cortes and N. Lawrence and D. Lee and M. Sugiyama and R. Garnett},
 pages = {},
 publisher = {Curran Associates, Inc.},
 title = {Spatial Transformer Networks},
 volume = {28},
 year = {2015}
}

@article{graph,
  title={Self-supervised Photographic Image Layout Representation Learning},
  author={Zhao, Zhaoran and Lu, Peng and Peng, Xujun and Guo, Wenhao},
  journal={arXiv preprint arXiv:2403.03740},
  year={2024}
}

@article{cookbook,
  title={A Cookbook of Self-Supervised Learning},
  author={Randall Balestriero and Mark Ibrahim and Vlad Sobal and Ari S. Morcos and Shashank Shekhar and Tom Goldstein and Florian Bordes and Adrien Bardes and Gr{\'e}goire Mialon and Yuandong Tian and Avi Schwarzschild and Andrew Gordon Wilson and Jonas Geiping and Quentin Garrido and Pierre Fernandez and Amir Bar and Hamed Pirsiavash and Yann LeCun and Micah Goldblum},
  journal={ArXiv},
  year={2023},
  volume={abs/2304.12210},
}

@inproceedings{simclr,
  title={A simple framework for contrastive learning of visual representations},
  author={Chen, Ting and Kornblith, Simon and Norouzi, Mohammad and Hinton, Geoffrey},
  booktitle={International conference on machine learning},
  pages={1597--1607},
  year={2020},
  organization={PMLR}
}

@article{collapse_paper,
  title={Understanding dimensional collapse in contrastive self-supervised learning},
  author={Jing, Li and Vincent, Pascal and LeCun, Yann and Tian, Yuandong},
  journal={arXiv preprint arXiv:2110.09348},
  year={2021}
}

@article{byol,
  title={Bootstrap your own latent-a new approach to self-supervised learning},
  author={Grill, Jean-Bastien and Strub, Florian and Altch{\'e}, Florent and Tallec, Corentin and Richemond, Pierre and Buchatskaya, Elena and Doersch, Carl and Avila Pires, Bernardo and Guo, Zhaohan and Gheshlaghi Azar, Mohammad and others},
  journal={Advances in neural information processing systems},
  volume={33},
  pages={21271--21284},
  year={2020}
}

@inproceedings{dino,
  title={Emerging properties in self-supervised vision transformers},
  author={Caron, Mathilde and Touvron, Hugo and Misra, Ishan and J{\'e}gou, Herv{\'e} and Mairal, Julien and Bojanowski, Piotr and Joulin, Armand},
  booktitle={Proceedings of the IEEE/CVF international conference on computer vision},
  pages={9650--9660},
  year={2021}
}

@article{ibot,
  title={ibot: Image bert pre-training with online tokenizer},
  author={Zhou, Jinghao and Wei, Chen and Wang, Huiyu and Shen, Wei and Xie, Cihang and Yuille, Alan and Kong, Tao},
  journal={arXiv preprint arXiv:2111.07832},
  year={2021}
}

@article{bert,
  title={BERT: Pre-training of deep bidirectional transformers for language understanding},
  author={Devlin, Jacob and Chang, Ming-Wei and Lee, Kenton and Toutanova, Kristina},
  journal={arXiv preprint arXiv:1810.04805},
  year={2018}
}

@article{dinov2,
  title={Dinov2: Learning robust visual features without supervision},
  author={Oquab, Maxime and Darcet, Timoth{\'e}e and Moutakanni, Th{\'e}o and Vo, Huy and Szafraniec, Marc and Khalidov, Vasil and Fernandez, Pierre and Haziza, Daniel and Massa, Francisco and El-Nouby, Alaaeldin and others},
  journal={arXiv preprint arXiv:2304.07193},
  year={2023}
}

@inproceedings{deduplication,
  title={A self-supervised descriptor for image copy detection},
  author={Pizzi, Ed and Roy, Sreya Dutta and Ravindra, Sugosh Nagavara and Goyal, Priya and Douze, Matthijs},
  booktitle={Proceedings of the IEEE/CVF Conference on Computer Vision and Pattern Recognition},
  pages={14532--14542},
  year={2022}
}

@article{transformer,
  title={Attention is all you need},
  author={Vaswani, Ashish and Shazeer, Noam and Parmar, Niki and Uszkoreit, Jakob and Jones, Llion and Gomez, Aidan N and Kaiser, {\L}ukasz and Polosukhin, Illia},
  journal={Advances in neural information processing systems},
  volume={30},
  year={2017}
}

@article{vit,
  title={An image is worth 16x16 words: Transformers for image recognition at scale},
  author={Dosovitskiy, Alexey and Beyer, Lucas and Kolesnikov, Alexander and Weissenborn, Dirk and Zhai, Xiaohua and Unterthiner, Thomas and Dehghani, Mostafa and Minderer, Matthias and Heigold, Georg and Gelly, Sylvain and others},
  journal={arXiv preprint arXiv:2010.11929},
  year={2020}
}

@article{word2vec,
  title={Efficient estimation of word representations in vector space},
  author={Mikolov, Tomas and Chen, Kai and Corrado, Greg and Dean, Jeffrey},
  journal={arXiv preprint arXiv:1301.3781},
  year={2013}
}

@inproceedings{resnet,
  title={Deep residual learning for image recognition},
  author={He, Kaiming and Zhang, Xiangyu and Ren, Shaoqing and Sun, Jian},
  booktitle={Proceedings of the IEEE conference on computer vision and pattern recognition},
  pages={770--778},
  year={2016}
}

@online{photonet, title={Photo.net},
url={https://www.photo.net}
}


@online{flickr, title={Flickr},
    url={https://www.flickr.net}
}

@online{dinov2_github, title={DINOv2 GitHub},
    url={https://github.com/facebookresearch/dinov2}
}

@inproceedings{sel,
  title={Semantic line detection and its applications},
  author={Lee, Jun-Tae and Kim, Han-Ul and Lee, Chul and Kim, Chang-Su},
  booktitle={Proceedings of the IEEE International Conference on Computer Vision},
  pages={3229--3237},
  year={2017}
}

@online{rpics_reddit, title={Reddit r/pics},
    url={https://www.reddit.com/r/pics/}
}

@online{rphotographs_reddit, title={Reddit r/photographs},
    url={https://www.reddit.com/r/photographs/}
}

@online{rphotocritique_reddit, title={Reddit r/photocritique},
    url={https://www.reddit.com/r/photocritique/}
}

@online{sklearn, title={Scikit-learn average\_precision\_score},
    url={https://scikit-learn.org/stable/modules/generated/sklearn.metrics.average_precision_score.html}
}
